@misc{orfeo,
  author = {AREA Science Park},
  title = {ORFEO Documentation},
  url = {https://orfeo-doc.areasciencepark.it/},
  year = {2023}
}

@misc{epyc,
  author = {AMD},
  title = {EPYC 7H12 Specifications},
  url = {https://www.amd.com/en/processors/epyc},
  year = {2023}
}

@misc{mpi,
  author = {MPI Forum},
  title = {MPI: A Message-Passing Interface Standard},
  url = {https://www.mpi-forum.org/docs/},
  year = {2023}
}

@misc{openmp,
  author = {OpenMP Architecture Review Board},
  title = {OpenMP Application Program Interface},
  url = {https://www.openmp.org/specifications/},
  year = {2023}
}

@book{introhpc,
    author = {Frank Nielsen},
    title ={Introduction to HPC with MPI for Data Science},
    publisher = {Springer},
    year = {2016},
    isbn = {978-3-319-21902-8},
    doi ={10.1007/978-3-319-21903-5},
}

@book{intropar,
  author={Ananth Grama and Anshul Gupta and George Karypis and Vipin Kumar},
  title = {Introduction to Parallel Computing},
  publisher = {Addison-Wesley},
  year = {2003},
  edition = {2nd},
  isbn = {0-201-64865-2},
}